<record><leader>00000cas a2200000 a 4500</leader><controlfield tag="001">10623320</controlfield><controlfield tag="008">840412d18271834vtuwr ne      0    0eng c</controlfield><datafield ind1=" " ind2=" " tag="010"><subfield code="a">sn 84022868 </subfield></datafield><datafield ind1=" " ind2=" " tag="040"><subfield code="a">NPX</subfield><subfield code="b">eng</subfield><subfield code="c">NPX</subfield><subfield code="d">NPU</subfield><subfield code="d">NPY</subfield><subfield code="d">DLC</subfield><subfield code="d">KNP</subfield><subfield code="d">YOX</subfield><subfield code="d">CNW</subfield><subfield code="d">NVN</subfield><subfield code="d">OCL</subfield><subfield code="d">KRTAS</subfield><subfield code="d">OCLCQ</subfield><subfield code="d">OCLCF</subfield><subfield code="d">OCLCO</subfield><subfield code="d">DLC</subfield></datafield><datafield ind1=" " ind2=" " tag="042"><subfield code="a">pcc</subfield></datafield><datafield ind1=" " ind2=" " tag="043"><subfield code="a">n-us-vt</subfield></datafield><datafield ind1="0" ind2="0" tag="050"><subfield code="a">Newspaper 9966</subfield></datafield><datafield ind1="0" ind2=" " tag="130"><subfield code="a">Brattleboro messenger (Brattleboro, Vt. : 1827)</subfield></datafield><datafield ind1="1" ind2="0" tag="245"><subfield code="a">Brattleboro' messenger.</subfield></datafield><datafield ind1=" " ind2=" " tag="260"><subfield code="a">Brattleboro', Vt. :</subfield><subfield code="b">G.W. Nichols,</subfield><subfield code="c">1827-1834.</subfield></datafield><datafield ind1=" " ind2=" " tag="300"><subfield code="a">7 v. ;</subfield><subfield code="c">50-55 cm.</subfield></datafield><datafield ind1=" " ind2=" " tag="310"><subfield code="a">Weekly</subfield></datafield><datafield ind1="0" ind2=" " tag="362"><subfield code="a">Vol. 6, no. 44 (Nov. 30, 1827)-v. 13, no. 33 (Sept. 5, 1834).</subfield></datafield><datafield ind1=" " ind2="0" tag="651"><subfield code="a">Brattleboro (Vt.)</subfield><subfield code="v">Newspapers.</subfield></datafield><datafield ind1=" " ind2="7" tag="651"><subfield code="a">Vermont</subfield><subfield code="z">Brattleboro.</subfield><subfield code="2">fast</subfield><subfield code="0">(OCoLC)fst01225010</subfield></datafield><datafield ind1=" " ind2="7" tag="655"><subfield code="a">Newspapers.</subfield><subfield code="2">fast</subfield><subfield code="0">(OCoLC)fst01423814</subfield></datafield><datafield ind1=" " ind2=" " tag="752"><subfield code="a">United States</subfield><subfield code="b">Vermont</subfield><subfield code="c">Windham</subfield><subfield code="d">Brattleboro.</subfield></datafield><datafield ind1="0" ind2="0" tag="780"><subfield code="t">Brattleboro' messenger, and farmers' and manufacturers' publick journal</subfield><subfield code="w">(DLC)sn 84022869</subfield></datafield><datafield ind1="0" ind2="7" tag="785"><subfield code="t">Independent inquirer (Brattleboro, Vt.)</subfield><subfield code="x">2575-4424</subfield><subfield code="w">(DLC)sn 84022717</subfield><subfield code="w">(OCoLC)10550054</subfield></datafield><datafield ind1="0" ind2="7" tag="785"><subfield code="t">Brattleboro phoenix</subfield><subfield code="w">(DLC)sn 86071591</subfield></datafield><datafield ind1=" " ind2=" " tag="938"><subfield code="a">Kirtas Technologies, Inc.</subfield><subfield code="b">KRTS</subfield><subfield code="n">738356</subfield></datafield><datafield ind1="1" ind2=" " tag="029"><subfield code="a">AU@</subfield><subfield code="b">000020129178</subfield></datafield></record>